<?xml version="1.0" encoding="UTF-8"?><collection xmlns="http://www.loc.gov/MARC21/slim"><record><leader>00552nam--2200169-i-4500</leader><controlfield tag="001">000048711</controlfield><controlfield tag="002">20161230</controlfield><controlfield tag="005">20161230201047</controlfield><controlfield tag="008">060222s1000------------r-----000-0-eng-d</controlfield><datafield ind1=" " ind2=" " tag="040"><subfield code="a">IFIN-HH</subfield></datafield><datafield ind1=" " ind2=" " tag="080"><subfield code="a">539.1:538.9(061.3)</subfield></datafield><datafield ind1="1" ind2=" " tag="110"><subfield code="a">Department Of Atomic Energy</subfield></datafield><datafield ind1="1" ind2="0" tag="245"><subfield code="a">Proceedings of the nuclear physics and solid state physics symposium pune, december 26-30, 1977</subfield><subfield code="b">Volume 20 b nuclear physics 1977</subfield></datafield><datafield ind1=" " ind2=" " tag="260"><subfield code="a">New Delhi</subfield><subfield code="c">1977</subfield><subfield code="g">bDEPARTMENT OF ATOMIC ENERGY</subfield></datafield><datafield ind1=" " ind2=" " tag="300"><subfield code="a">XII + 309P</subfield></datafield><datafield ind1=" " ind2=" " tag="852"><subfield code="a">38355</subfield><subfield code="c">539</subfield></datafield><datafield ind1=" " ind2=" " tag="CAT"><subfield code="a">Sys</subfield><subfield code="c">20111010</subfield><subfield code="h">132537</subfield></datafield></record></collection>